@techreport{tech_report_example,
    Author = {Some author},
    Date-Added = {2014-02-12},
    Date-Modified = {2014-02-12},
    Institution = {Aalborg University},
    Month = {February},
    Number = {8},
    Title = {The fat group - The making of a great game},
    Year = {2015}}

@manual{manual_example,
    Date-Added = {2014-02-12},
    Date-Modified = {2014-02-12},
    Organization = {The fat group},
    Title = {How to make a great game},
    Year = {2015}}

@article{article_example,
    Author = {The fat group},
    Date-Added = {2014-02-12},
    Date-Modified = {2014-02-12},
    Journal = {Great games illustrated},
    Number = {1},
    Pages = {80},
    Title = {On how great games are made},
    Volume = {27},
    Year = {2015}}

@book{book_example,
    Author = {You get the idea},
    Date-Added = {2014-02-12},
    Date-Modified = {2014-02-12},
    Publisher = {Publisher},
    Read = {1},
    Title = {Game engines disected},
    Year = {2015}}

@misc{misc_example,
    Howpublished = {\url{http://some.url.com}},
    Key = {Website name},
    Note = {Accessed: 12-02-2015},
    Title = {{Page name}},
    Year = {2015}}

@misc{incontrol_github,
    Howpublished = {\url{https://github.com/pbhogan/InControl}},
    Author = {Patrick Hogan},
    Note = {Accessed: 23-02-2015},
    Title = {InControl},
    Year = {2015}}

@misc{incontrol_website,
    Howpublished = {\url{http://www.gallantgames.com/pages/incontrol-introduction}},
    Author = {Patrick Hogan},
    Note = {Accessed 23-02-2015},
    Title = {InControl Website},
    Year = {2015}}

@misc{incontrol_assetstore,
    Howpublished = {\url{https://www.assetstore.unity3d.com/en/#!/content/14695}},
    Author = {Patrick HOgan},
    Note = {Accessed 23-02-2015},
    Title = {InControl asset store page},
    Year = {2015}}

@misc{appstore,
    Howpublished = {\url{https://itunes.apple.com/us/genre/ios-games/id6014?mt=8}},
    Key = {AppStore},
    Note = {Accessed: 23-02-2015},
    Title = {AppStore},
    Year = {2015}}

@misc{googleplay,
    Howpublished = {\url{https://play.google.com/store/apps/category/GAME?hl=en}},
    Key = {Google Play},
    Note = {Accessed: 02-03-2015},
    Title = {Google Play},
    Year = {2015}}

@misc{statistalongestsession,
    Howpublished = {\url{http://www.statista.com/statistics/300284/longest-average-video-game-session-during-launch-month-raptr/}},
    Key = {Games with the longest average video game session in the launch month on Raptr platform in 2013 (in hours)},
    Note = {Accessed: 02-03-2015},
    Title = {Games with the longest average video game session in the launch month on Raptr platform in 2013 (in hours)},
    Year = {2015}}

@misc{statistaaverageappsession,
    Howpublished = {\url{http://www.statista.com/statistics/202485/average-ipad-app-session-length-by-app-categories/}},
    Key = {Average mobile app session length as of August 2014, by category (in minutes)},
    Note = {Accessed: 02-03-2015},
    Title = {Average mobile app session length as of August 2014, by category (in minutes)},
    Year = {2015}}

@misc{statista,
    Howpublished = {\url{http://www.statista.com/}},
    Key = {statista},
    Note = {Accessed: 02-03-2015},
    Title = {statista},
    Year = {2015}}

@misc{ESA,
    Howpublished = {\url{http://www.theesa.com}},
    Key = {Entertainment Software Association},
    Note = {Accessed: 02-03-2015},
    Title = {Entertainment Software Association},
    Year = {2015}}

@misc{ESApdf,
    Howpublished = {\url{http://www.theesa.com/wp-content/uploads/2014/10/ESA_EF_2014.pdf}},
    Key = {Essential Facts About the Computer and Video Game Industryn},
    Note = {Accessed: 02-03-2015},
    Title = {Essential Facts About the Computer and Video Game Industry},
    Year = {2015}}

@misc{marketshare,
    Howpublished = {\url{http://www.idc.com/getdoc.jsp?containerId=prUS25037214}},
    key = {IDC},
    Note = {Accessed: 23-02-2015},
    Title = {IDC, Second Quarter of 2014, worldwide smartphone market share},
    Year = {2014}}

@misc{unity_manual_inputmanager,
    Howpublished = {\url{http://docs.unity3d.com/Manual/class-InputManager.html}},
    Author = {Unity Technologies},
    Note = {Accessed: 24-02-2015},
    Title = {Unity Input Manager Manual Page},
    Year = {2014}}

@misc{unity_wiki_xbox360controller,
    Howpublished = {\url{http://wiki.unity3d.com/index.php?title=Xbox360Controller}},
    Note = {Acessed: 24-02-2015},
    Title = {Unity Wiki},
    Year = {6 November 2013}}

@misc{baron,
    Howpublished = {\url{http://www.gamasutra.com/view/feature/166972/cognitive_flow_the_psychology_of_.php?print=1}},
    Note = {Acessed: 09-03-2015},
    Title = {Cognitive Flow: The Psychology of Great Game Design},
    Year = {22 March. 2012}}

@misc{strategyOx,
    Howpublished = {\url{http://www.oxforddictionaries.com/definition/english/strategy}},
    Note = {Accessed: 11-03-2015},
    Title = {Definition of strategy in English from the Oxford dictionary},
    Year = {2015}}

@misc{mobileOx,
    Howpublished = {\url{http://www.oxforddictionaries.com/definition/english/mobile-device}},
    Note = {Accessed: 25-03-2015},
    Title = {Definition of Mobile Devices in English from the Oxford dictionary},
    Year = {2015}}

@misc{gameplayOx,
    Howpublished = {\url{http://www.oxforddictionaries.com/definition/english/gameplay?q=Gameplay}},
    Note = {Accessed: 25-03-2015},
    Title = {Definition of Gameplay in English from the Oxford dictionary},
    Year = {2015}}

@misc{GDC2012,
    Howpublished = {\url{http://www.gdcvault.com/play/1015756}},
    Note = {Accessed: 25-03-2015},
    Title = {Interesting Decisions},
    Year = {2015}}

@misc{Dota2,
    Howpublished = {\url{http://www.dota2.com}},
    Note = {Accessed: 16-03-2015},
    Title = {Dota2 main website},
    Year = {2015}}

@misc{counterstrike,
    Howpublished = {\url{http://www.counter-strike.net}},
    Note = {Accessed: 16-03-2015},
    Title = {Counter-Strike main website},
    Year = {2015}}

@misc{wow,
    Howpublished = {\url{http://us.battle.net/wow/en/}},
    Note = {Accessed: 25-03-2015},
    Title = {World of Warcraft},
    Year = {2015}}

@misc{hayday,
    Howpublished = {\url{http://supercell.com/en/games/hayday/t}},
    Note = {Accessed: 16-03-2015},
    Title = {Hayday main website},
    Year = {2015}}

% Optional fields: volume, number, pages, month, note
@misc{casual_vs_hardcore,
    Howpublished = {\url{http://www.gamasutra.com/view/feature/131397/from_casual_to_core_a_statistical_.php}},
    Note = {Accessed: 08-04-2015},
    author = {Ernest Adams \& Barry Ip},
    title = {From Casual to Core: A Statistical Mechanism for Studying Gamer Dedication},
    journal = {Gamasutra},
    year = {2002}
}


@misc{hearthstone,
    Howpublished = {\url{http://us.battle.net/hearthstone/en/}},
    Note = {Accessed: 25-03-2015},
    Title = {Hearthstone},
    Year = {2015}}

@misc{civ,
    Howpublished = {\url{http://www.civilization.com/}},
    Note = {Accessed: 25-03-2015},
    Title = {Civilization},
    Year = {2015}}


@misc{candycrush,
    Howpublished = {\url{http://candycrushsaga.com/}},
    Note = {Accessed: 25-03-2015},
    Title = {Candy Crush},
    Year = {2015}}

@misc{bombsquad,
   Howpublished = {\url{https://play.google.com/store/apps/details?id=net.froemling.bombsquad}},
   Note = {Accessed: 13-04-2015},
   Title = {Bombsquad},
   Year = {2015}}

@misc{hotoacGP,
   Howpublished = {\url{https://play.google.com/store/apps/details?id=com.gameloft.android.ANMP.GloftHOHM}},
   Note = {Accessed: 13-04-2015},
   Title = {Heroes of the Order \& Chaos},
   Year = {2015}}

@misc{appledevprogram,
    Howpublished = {\url{https://developer.apple.com/programs/}},
    Note = {Accessed: 14-04-2015},
    Title = {Apple Developer Program},
    Year = {2015}}

@misc{visionmobile,
    Howpublished = {\url{http://www.visionmobile.com}},
    Note = {Accessed: 14-04-2015},
    Title = {Vision Mobile},
    Year = {2015}}

@misc{visionmobile-survey,
    Howpublished = {\url{http://www.visionmobile.com/product/developer-economics-q3-2014/}},
    Note = {Accessed: 14-04-2015},
    Title = {Developer Economics Q3 2014: State of the Developer Nation},
    Year = {2014}}

@misc{quake-bsp-format,
    Howpublished = {\url{http://www.gamers.org/dEngine/quake/spec/quake-spec34/qkspec_4.htm}},
    Note = {Accessed: 20-04-2015},
    Title = {Quake Specs v3.4},
    Year = {2014}}

@misc{marching-squares,
    Howpublished = {\url{https://en.wikipedia.org/wiki/Marching_squares}},
    Note = {Accessed: 20-04-2015},
    Title = {Marching Squares},
    Year = {2014}}

@book{AIG:Millington,
    author = {Millington, Ian and Funge, John},
    title = {Artificial Intelligence for Games, Second Edition},
    year = {2009},
    isbn = {0123747317, 9780123747310},
    edition = {2nd},
    publisher = {Morgan Kaufmann Publishers Inc.},
    address = {San Francisco, CA, USA}}

@misc{unrealtournament,
    Howpublished = {\url{www.unrealtournament.com/}},
    Note = {Accessed: 22-04-2015},
    Title = {Unreal Tournament},
    Year = {2015}
}

@misc{unrealFree,
    Howpublished = {\url{http://www.ign.com/articles/2015/03/02/unreal-engine-4-is-free-for-everyone}},
    Note = {Accessed: 08-05-2015},
    Title = {UNREAL ENGINE 4 IS FREE FOR EVERYONE},
    Year = {2015}
}